@DocuShare{Document-28382,
  author =  { \v{Z}eljko Ivezi{\'c} and Lynne Jones and Tiago Ribeiro},
  title =        "{Call for White Papers on LSST Cadence Optimization}",
  year =         2018,
  month =        jun,
  handle =       {Document-28382}
}

@DocuShare{Document-27962,
  author =  {Jim Bosch},
  title =        "{DM Plans for Crowded Star Fields}",
  year =         2018,
  month =        apr,
  handle =       {Document-27962}
}

@DocuShare{PSTN-053,
  author =  {\v{Z}eljko Ivezi{\'c}},
  title = "{Survey Cadence Optimization Committee?s Phase 1 Recommendation}",
  year = 2022,
  month = jan,
  handle = {PSTN-053}
}
